2018 3044
29 263 32 290 s
115 251 288 298 traderentur.
323 251 420 296 Horum
431 249 510 298 etiam
520 249 647 296 intercise
658 249 806 310 videbatur,
824 248 854 294 ut
872 247 901 295 iu
914 249 977 294 aln-

114 331 183 388 gulia
203 330 329 377 derivati·
346 329 507 388 alphabetiea
524 329 628 376 ratione
644 331 792 376 memoratio
810 330 842 375 ad
865 329 976 376 radices

117 411 309 470 ablegarentur,
317 411 461 470 ubicunque
472 410 684 469 aliquatnbnaaci
694 410 810 468 potuerit
821 409 958 456 dubitatio
968 424 978 470 ;

117 495 145 535 ut
164 497 250 538 autern
270 491 364 537 chartis
380 497 546 550 parceretur,
571 492 677 537 nomina
695 491 801 549 propria
817 491 992 548 pierumque-

117 573 204 617 atatim
221 572 310 617 notavi
323 572 421 633 iisqne,
442 571 470 618 in
482 576 603 632 quantum
615 579 685 620 certo
696 573 753 618 fieri
767 571 864 631 potuit,
881 573 977 630 expli-

117 652 243 698 cationem
254 652 373 709 adJ'nuxi.
409 653 438 698 ln
456 666 546 700 vocum
564 658 649 700 autem
668 653 883 713 interpretatione
901 652 974 699 nilril

119 733 182 779 duxi
194 734 335 792 antiquina,
345 746 419 792 quam
430 746 519 779 omnes
527 747 614 780 earum
625 734 832 793 significationes
841 732 917 790 J‘uato
930 747 977 779 or-

119 814 195 876 dine,
213 827 264 871 qno
275 814 343 860 aliae
354 815 419 859 aliar
430 814 576 874 excipiant,
588 816 722 874 complecti
735 815 883 870 variamque
894 821 979 872 pote-

119 897 212 941 statem
220 899 245 942 et
257 895 390 955 perspicue
397 900 422 942 et
430 895 544 942 breviter
555 887 580 950 ¹¹)
587 908 721 942 recensere
730 911 737 955 ;
745 896 860 942 abstinui
870 908 934 941 vero
943 895 979 940 ab

122 977 240 1022 omnibua
252 977 373 1023 Virorum
385 971 453 1033 DD.‚'
463 991 528 1037 quae
546 975 652 1020 nonniai
665 977 694 1021 ad
708 976 917 1034 probabilitatem
931 989 980 1021 ac·

120 1058 224 1120 cedunt,
236 1057 436 1116 tententiie,ita
448 1060 520 1103 utne
533 1056 598 1116 quid
609 1057 754 1104 omitterem
771 1056 887 1116 quidem,
904 1057 978 1114 qnod

119 1139 195 1196 bujue
212 1136 296 1184 libelli
312 1137 476 1183 institutioni
488 1137 523 1182 ait
534 1139 751 1184 accommodatum
758 1171 767 1195 ,
788 1152 873 1198 neque
884 1141 978 1186 tamen

123 1221 277 1280 reciperem,
297 1221 364 1276 quod
375 1221 406 1266 ab
425 1233 456 1265 ea
467 1221 589 1266 alienum.
623 1219 740 1275 Denique
756 1221 877 1267 lubenter
893 1222 979 1280 proti.

120 1304 186 1364 teor,
197 1301 336 1360 particulae
349 1302 385 1346 ita
394 1315 409 1346 a
421 1315 462 1346 me
472 1303 596 1347 tractatae
607 1314 664 1347 eate
670 1331 679 1355 ,
695 1303 723 1344 nt
740 1300 770 1345 ud
783 1315 870 1347 earum
882 1301 933 1346 vim
948 1310 979 1349 et

120 1388 238 1430 naturam
256 1382 343 1441 potior
354 1382 467 1427 animum
482 1381 660 1436 adverterem,
678 1394 752 1438 quam
763 1382 852 1428 latinia
871 1385 979 1431 tanturn

121 1465 240 1524 vocibua,
258 1476 322 1519 quae
334 1463 389 1508 ints
401 1462 589 1520 aliquantulum
601 1463 802 1524 responderent,
814 1463 981 1520 interprete.

120 1558 170 1591 rer.
205 1543 296 1600 Si'qna
307 1543 376 1590 enim
387 1543 414 1586 in
425 1557 470 1604 re,
486 1547 555 1589 certe
568 1543 595 1588 in
606 1541 653 1588 bac
670 1547 744 1600 parte
761 1541 826 1589 arti·
843 1555 981 1600 gramma-

120 1623 186 1669 ticae
200 1622 360 1670 exstiterunt
376 1626 467 1669 noatra
481 1625 567 1669 aetate
580 1622 631 1668 viri
648 1623 792 1685 principer,
811 1637 846 1671 ex
862 1637 979 1684 quorum

54 1717 57 1722 ·
123 1703 217 1750 studiis
226 1703 279 1761 J'am
291 1702 414 1749 uberrimi
432 1703 462 1748 ad
480 1701 582 1749 scholas
592 1703 769 1750 redundarunt
786 1705 896 1752 fructui.
932 1711 979 1757 An

121 1799 183 1833 vcro
195 1784 291 1831 acholio
301 1784 342 1829 iric
353 1797 453 1842 quoque
465 1784 547 1836 liber,
565 1784 638 1842 cuju·
654 1786 752 1844 optima
763 1799 822 1845 paru
840 1787 894 1833 illia
907 1789 979 1840 uiri·

121 1867 244 1925 debetur,
261 1861 360 1922 aliquid
373 1864 540 1912 emolumenti
552 1865 645 1911 afferre
656 1869 746 1928 queat,
763 1868 836 1925 aequi
853 1869 978 1926 iudicent

120 1962 150 1993 ac
160 1941 280 1992 benevoli
292 1943 401 2004 arbitri,
418 1958 483 2004 quoa
492 1944 592 2002 juvabit
603 1946 760 2003 meminiaae,
772 1947 877 1995 facilior
889 1952 980 2002 inter.

121 2030 178 2075 dum
190 2040 247 2074 etse
262 2025 368 2084 prolixa
385 2027 423 2070 uti
441 2025 576 2085 oratione,
594 2039 666 2093 quam
685 2027 770 2085 paucis
788 2042 840 2074 rem
853 2043 980 2091 compre.

120 2113 232 2158 bendere
244 2113 334 2156 etcum
347 2108 476 2156 brevitate
489 2109 650 2167 conjungere
661 2109 869 2167 perspicuitatem

122 2218 325 2236 ..Ρ-...-

149 2279 168 2324 ·)
184 2275 238 2318 ldeo
249 2273 385 2330 compendia
398 2273 557 2317 vocabulorum
573 2275 652 2316 crebro
662 2272 753 2316 adbiimi
768 2285 810 2315 ntn
825 2283 920 2334 recepta
933 2284 977 2332 ῐΙΙι

175 2361 201 2390 nc
211 2347 270 2387 tatia
279 2351 340 2388 nola.
370 2343 445 2385 Unum
454 2343 528 2385 refert
542 2357 647 2393 monere,
664 2344 721 2399 qumi
732 2343 768 2386 iric
779 2329 864 2393 illto'n
881 2331 980 2412 (³355.

175 2413 280 2471 aliquia)
296 2411 374 2455 addidi
391 2413 519 2454 nominibm
542 2411 613 2460 bein..
631 2425 688 2468 qnae
703 2426 752 2456 cnm
767 2413 822 2455 aliia
843 2413 973 2464 nominibu'

176 2485 299 2539 conjuncta
308 2483 440 2526 adnotatum
448 2483 541 2538 capiunt
549 2483 707 2535 tignisrcatnm.

447 2689 650 2700 W
