2018 3044
266 603 687 683 PRAEFATIO.

52 859 213 962 Bibliopola
230 902 405 964 clarissimus,
424 910 539 964 quaeest
555 909 611 968 ejus
623 911 652 957 in
669 911 754 958 studia
762 913 896 962 literarum

51 980 206 1044 liberalitas,
223 985 266 1030 diu
283 985 336 1042 jam
355 988 516 1046 cogitaverat
528 991 559 1038 de
576 992 663 1040 lexico
679 995 749 1041 bebr.
771 999 797 1042 ct
815 997 899 1044 chald.

51 1060 150 1138 liirguac
162 1065 330 1127 divulgando,
343 1061 411 1124 quod
423 1069 519 1117 scholis
532 1073 693 1130 potissimum
707 1073 816 1121 utilitati
831 1091 897 1134 esse,

48 1159 118 1203 parvo
130 1153 219 1196 tamen
227 1151 313 1210 pretio
323 1153 388 1196 tradi
401 1156 497 1210 posset.
509 1153 635 1199 Absoluta
647 1155 728 1214 igitur
736 1156 892 1203 nitidissima

49 1233 142 1282 Veteris
155 1235 316 1284 Testamenti
335 1235 460 1297 editione,
480 1239 553 1296 qu'us
565 1237 685 1294 cognitae
699 1239 827 1287 neminem
839 1243 890 1288 VV.

47 1315 94 1362 bb.
105 1321 188 1366 adhuc
197 1318 339 1378 poenituit,
350 1320 454 1377 rogavit
467 1337 514 1377 me,
528 1323 563 1377 ‚ut
574 1321 686 1366 consilio
698 1324 890 1382 responderem,

18 1453 20 1464 A
47 1401 82 1446 roi
95 1405 123 1450 ut
134 1403 329 1465 honestissimo,
341 1403 379 1449 ita
390 1411 443 1449 non
455 1406 518 1466 erat,
530 1403 599 1460 quod
610 1418 789 1464 repugnarem.
817 1405 889 1452 Subli

47 1484 123 1542 igitur
133 1487 251 1532 laborem
262 1501 323 1532 mox
335 1487 496 1546 intelligens,
509 1488 642 1536 aGesenio
654 1491 810 1548 etWineru,
824 1491 887 1536 viris

18 1555 20 1632 j
46 1581 96 1615 nea
106 1570 181 1616 laude
192 1571 380 1632 superioribus,
388 1586 442 1618 non
452 1573 527 1618 modo
539 1575 637 1620 civibus
648 1576 832 1622 academiarum
843 1577 887 1622 sed

18 1635 20 1708 j
42 1649 180 1694 scholarum
190 1647 268 1692 etiem
281 1645 392 1691 alumnis
406 1643 566 1692 satisfactum
579 1645 681 1702 quidem
692 1659 758 1708 esee,
770 1649 885 1693 attamen

42 1725 101 1774 baud
111 1727 209 1786 paucis,
223 1727 267 1783 qui
278 1726 309 1771 ad
323 1725 455 1772 hebraicas
467 1725 557 1770 literas
569 1725 704 1772 discendas
716 1727 828 1774 animum
841 1742 885 1786 ap.

42 1809 163 1870 pulerint,
181 1810 312 1864 acceptum
323 1807 394 1864 fore,
412 1806 433 1850 si
450 1805 544 1882 minori
557 1820 585 1852 re
599 1806 659 1852 libri
671 1807 834 1866 comparandi
846 1809 886 1853 ia-

18 1888 116 1932 cultas
133 1886 299 1947 deseruerit,
318 1886 359 1944 qui
379 1883 476 1942 primae
493 1899 580 1933 eorum
601 1887 712 1934 serviret
723 1887 885 1934 necessitati.

18 1966 148 2015 Pracirit
166 1968 295 2025 quondam
313 1968 353 2013 Jo
366 1965 532 2026 Buxtorfius‚
553 1967 595 2025 qui
608 1971 710 2025 praeter
721 1969 770 2013 duo
784 1969 884 2026 maiora

18 1995 20 2122 j
41 2047 118 2098 lexico
126 2049 252 2097 Manuale
264 2061 363 2106 quoque
371 2047 443 2093 hebr
455 2051 480 2092 et
491 2047 572 2092 chald.
583 2047 671 2110 edidit,
681 2048 796 2106 quamvis
809 2063 883 2108 egre-

18 2169 19 2172 ,
18 2129 99 2185 pium
118 2131 177 2189 ejus
197 2128 342 2188 exemplum
360 2131 418 2186 post
435 2129 652 2172 totaetantorum
666 2127 795 2175 hominum
808 2142 883 2176 curas

18 2225 20 2274 ι
41 2213 62 2255 et
71 2211 263 2258 lucubrationes
271 2211 340 2270 frugi
351 2210 440 2270 plenas
453 2222 521 2256 nunc
531 2209 576 2254 vix
587 2209 665 2256 liceat
676 2213 732 2256 tuta
743 2210 792 2256 lide
803 2225 878 2270 pror-

18 2279 20 2302 ?
40 2301 77 2335 sm
85 2292 194 2340 imitari.
214 2291 294 2344 Quam
308 2305 356 2350 ego
369 2291 434 2338 viam
447 2290 579 2350 ingressus
591 2289 647 2354 sim,
657 2290 743 2350 paucis
753 2291 879 2338 indicabo.

95 2375 190 2420 Omnia
201 2373 310 2431 primum
323 2372 401 2418 rerba
411 2375 437 2418 et
449 2372 555 2420 nomina
565 2385 641 2428 quum
657 2371 816 2432 appellativa
828 2376 879 2418 tum

40 2457 149 2513 propria,
165 2467 232 2513 quae
244 2452 270 2498 in
284 2452 357 2497 libris
371 2453 401 2498 V.
413 2455 442 2498 T.
454 2456 556 2511 reperta
565 2456 626 2500 sunt
636 2487 642 2514 ,
652 2453 822 2500 describenda
835 2451 892 2498 cu-'

40 2535 99 2594 tari3
117 2533 256 2592 inquibus
279 2533 458 2578 enumerandis
477 2533 593 2579 ordinem
606 2533 811 2592 'etymologicum
822 2533 879 2576 Wi-

41 2623 92 2662 nero
102 2619 210 2675 praetor
221 2613 529 2674 retcrcslexicograpbos
541 2617 680 2672 praeeunte
694 2616 798 2659 secutus
816 2623 880 2666 sum,

41 2706 79 2750 luo
97 2697 217 2745 derivata
228 2709 284 2740 cum
301 2692 386 2740 verbis
403 2695 542 2753 primitivis
560 2693 646 2738 subito
659 2692 755 2737 intuitu
769 2691 881 2734 tironum

41 2779 110 2824 neubi
125 2793 158 2826 ac
168 2777 251 2824 menti
269 2776 427 2822 offerrentur
443 2779 519 2835 atquc
531 2787 619 2820 eorum
631 2769 768 2816 memoriae
781 2767 880 2812 [acilius
